   


@article{simsetal2016,
	Author = {Charles Sims and David Finnoff and Jason F. Shogren},
	Date-Added = {2018-03-01 18:39:42 +0000},
	Date-Modified = {2018-03-01 18:45:58 +0000},
	Journal = {Food Security},
	Number = {1},
	Pages = {61-70},
	Title = {Bioeconomics of invasive species:  using real options theory to integrate ecology, economics, and risk management},
	Volume = {8},
	Year = {2016}}


